@misc( investopedia:short, %bibtex has trouble with online sources so use misc
	author = {{Short}} % One brace or one pair of double quotes
	title = "Short ( or Short Position) Definition | {I}nvestopedia"
	year = "2013"
	%journal = ""
	%volume = ""
	%number = ""
	%pages = " -- "
	url = "http://www.investopedia.com/terms/s/short.asp"
	note = "[Online; accessed 18 {F}ebruary 2013]"
}